@INPROCEEDINGS{thummalapenta11:retrofitting,
 author = {Thummalapenta, Suresh and Marri, Madhuri R. and Xie, Tao and Tillmann, Nikolai and de Halleux, Jonathan},
 title = {Retrofitting unit tests for parameterized unit testing},
 booktitle = {Proceedings of the 14th international conference on Fundamental approaches to software engineering: part of the joint European conferences on theory and practice of software},
 series = {FASE'11/ETAPS'11},
 year = {2011},
 isbn = {978-3-642-19810-6},
 location = {Saarbr\&\#252;cken, Germany},
 pages = {294--309},
 numpages = {16},
 url = {http://dl.acm.org/citation.cfm?id=1987434.1987463},
} 
@inproceedings{Tillmann:2005:PUT:1081706.1081749,
 author = {Tillmann, Nikolai and Schulte, Wolfram},
 title = {Parameterized unit tests},
 booktitle = {Proceedings of the 10th European software engineering conference held jointly with 13th ACM SIGSOFT international symposium on Foundations of software engineering},
 series = {ESEC/FSE-13},
 year = {2005},
 isbn = {1-59593-014-0},
 location = {Lisbon, Portugal},
 pages = {253--262},
 numpages = {10},
 url = {http://doi.acm.org/10.1145/1081706.1081749},
 doi = {10.1145/1081706.1081749},
 keywords = {algebraic data types, automatic test input generation, constraint solving, symbolic execution, unit testing},
} 

@inproceedings{Fraser:2011:GPU:2001420.2001464          ,
 author = {Fraser, Gordon and Zeller, Andreas},
 title = {Generating parameterized unit tests},
 booktitle = {Proceedings of the 2011 International Symposium on Software Testing and Analysis},
 series = {ISSTA '11},
 year = {2011},
 isbn = {978-1-4503-0562-4},
 location = {Toronto, Ontario, Canada},
 pages = {364--374},
 numpages = {11},
 url = {http://doi.acm.org/10.1145/2001420.2001464},
 doi = {10.1145/2001420.2001464},
 keywords = {assertions, test case generation, test oracles, unit testing},
} 
@inproceedings{doclonesmatter,
 author = {Juergens, Elmar and Deissenboeck, Florian and Hummel, Benjamin and Wagner, Stefan},
 title = {Do code clones matter?},
 booktitle = {Proceedings of the 31st International Conference on Software Engineering},
 series = {ICSE '09},
 year = {2009},
 isbn = {978-1-4244-3453-4},
 pages = {485--495},
 numpages = {11},
 url = {http://dx.doi.org/10.1109/ICSE.2009.5070547},
 doi = {10.1109/ICSE.2009.5070547},
} 
@inproceedings{Saff:2007:TIL:1297846.1297919,
 author = {Saff, David},
 title = {Theory-infected: {O}r how {I} learned to stop worrying and love universal quantifica
tion},
 booktitle = {Companion to the 22nd ACM SIGPLAN conference on Object-oriented programming syst
ems and applications companion},
 series = {OOPSLA '07},
 year = {2007},
 pages = {846--847},
 numpages = {2},
 url = {http://doi.acm.org/10.1145/1297846.1297919},
 doi = {10.1145/1297846.1297919},
 keywords = {JUnit, partial specification, testing, theories},
} 

